<?xml version="1.0" encoding="UTF-8"?><collection xmlns="http://www.loc.gov/MARC21/slim"><record><leader>00323nam--2200121-i-4500</leader><controlfield tag="001">000040340</controlfield><controlfield tag="002">20161230</controlfield><controlfield tag="005">20161230201042</controlfield><controlfield tag="008">060222s1000------------r-----000-0-eng-d</controlfield><datafield ind1=" " ind2=" " tag="100"><subfield code="a">Sass, F., Bouche Ch., Leitner, A</subfield></datafield><datafield ind1=" " ind2=" " tag="245"><subfield code="a">Dubbels taschenbuch fur den maschinenbau</subfield></datafield><datafield ind1=" " ind2=" " tag="260"><subfield code="a">Berlin, Springer-verlag, 1961</subfield></datafield><datafield ind1=" " ind2=" " tag="852"><subfield code="a">16728</subfield></datafield></record></collection>